<?xml version="1.0" encoding="UTF-8"?>
<SOAP-ENV:Envelope xmlns:SOAP-ENV="http://schemas.xmlsoap.org/soap/envelope/" xmlns:ns1="http://oss.dbc.dk/ns/openformat" xmlns:os="http://oss.dbc.dk/ns/opensearch" xmlns:dc="http://purl.org/dc/elements/1.1/" xmlns:dkabm="http://biblstandard.dk/abm/namespace/dkabm/" xmlns:ISO639-2="http://lcweb.loc.gov/standards/iso639-2/" xmlns:dcmitype="http://purl.org/dc/dcmitype/" xmlns:dcterms="http://purl.org/dc/terms/" xmlns:ac="http://biblstandard.dk/ac/namespace/" xmlns:dkdcplus="http://biblstandard.dk/abm/namespace/dkdcplus/" xmlns:oss="http://oss.dbc.dk/ns/osstypes" xmlns:marcx="info:lc/xmlns/marcxchange-v1" xmlns:xsi="http://www.w3.org/2001/XMLSchema-instance" xmlns:foxml="info:fedora/fedora-system:def/foxml#" xsi:schemaLocation="info:fedora/fedora-system:def/foxml# http://www.fedora.info/definitions/1/0/foxml1-1.xsd">
  <SOAP-ENV:Body>
    <ns1:formatRequest>
      <ns1:originalData>
<oclcRecords><oclcRecord><foxml:digitalObject VERSION="1.1" PID="870970-basis:28209061"
xmlns:foxml="info:fedora/fedora-system:def/foxml#"
xmlns:xsi="http://www.w3.org/2001/XMLSchema-instance"
xsi:schemaLocation="info:fedora/fedora-system:def/foxml# http://www.fedora.info/definitions/1/0/foxml1-1.xsd">
<foxml:objectProperties>
<foxml:property NAME="info:fedora/fedora-system:def/model#state" VALUE="Active"/>
<foxml:property NAME="info:fedora/fedora-system:def/model#label" VALUE=""/>
<foxml:property NAME="info:fedora/fedora-system:def/model#ownerId" VALUE=""/>
<foxml:property NAME="info:fedora/fedora-system:def/model#createdDate" VALUE="2013-05-16T12:09:13.580Z"/>
<foxml:property NAME="info:fedora/fedora-system:def/view#lastModifiedDate" VALUE="2013-05-16T12:09:13.661Z"/>
</foxml:objectProperties>
<foxml:datastream ID="AUDIT" STATE="A" CONTROL_GROUP="X" VERSIONABLE="false">
<foxml:datastreamVersion ID="AUDIT.0" LABEL="Audit Trail for this object" CREATED="2013-05-16T12:09:13.580Z" MIMETYPE="text/xml" FORMAT_URI="info:fedora/fedora-system:format/xml.fedora.audit">
<foxml:xmlContent>
<audit:auditTrail xmlns:audit="info:fedora/fedora-system:def/audit#">
<audit:record ID="AUDREC1">
<audit:process type="Fedora API-M"/>
<audit:action>modifyDatastreamByValue</audit:action>
<audit:componentID>RELS-SYS</audit:componentID>
<audit:responsibility>fedoraAdmin</audit:responsibility>
<audit:date>2013-05-16T12:09:13.661Z</audit:date>
<audit:justification></audit:justification>
</audit:record>
</audit:auditTrail>
</foxml:xmlContent>
</foxml:datastreamVersion>
</foxml:datastream>
<foxml:datastream ID="DC" STATE="A" CONTROL_GROUP="X" VERSIONABLE="false">
<foxml:datastreamVersion ID="DC.0" LABEL="" CREATED="2013-05-16T12:09:13.590Z" MIMETYPE="text/xml" SIZE="2125">
<foxml:xmlContent>
<oai_dc:dc xmlns:oai_dc="http://www.openarchives.org/OAI/2.0/oai_dc/" xmlns:dc="http://purl.org/dc/elements/1.1/" xmlns:xsi="http://www.w3.org/2001/XMLSchema-instance" xsi:schemaLocation="http://www.openarchives.org/OAI/2.0/oai_dc/ http://www.openarchives.org/OAI/2.0/oai_dc.xsd">
  <dc:title>the horn collection</dc:title>
  <dc:title>MATCH:the ho</dc:title>
  <dc:subject>barok</dc:subject>
  <dc:subject>for let øvede</dc:subject>
  <dc:subject>horn</dc:subject>
  <dc:subject>instrumental</dc:subject>
  <dc:subject>klassik</dc:subject>
  <dc:subject>music minus one</dc:subject>
  <dc:subject>romantik</dc:subject>
  <dc:subject>senromantik</dc:subject>
  <dc:subject>wienerklassik</dc:subject>
  <dc:subject>Tyskland</dc:subject>
  <dc:subject>Østrig</dc:subject>
  <dc:subject>England</dc:subject>
  <dc:subject>Italien</dc:subject>
  <dc:subject>1700-1799</dc:subject>
  <dc:subject>1800-1899</dc:subject>
  <dc:publisher>schirmer</dc:publisher>
  <dc:publisher>MATCHSTRING:schirme</dc:publisher>
  <dc:contributor>MATCHSTRING:Jonesm</dc:contributor>
  <dc:contributor>mason jones</dc:contributor>
  <dc:contributor>ludwig van beethoven</dc:contributor>
  <dc:contributor>vincenzo bellini</dc:contributor>
  <dc:contributor>ludwig van beethoven</dc:contributor>
  <dc:contributor>arcangelo corelli</dc:contributor>
  <dc:contributor>felix mendelssohn-bartholdy</dc:contributor>
  <dc:contributor>wolfgang amadeus mozart</dc:contributor>
  <dc:contributor>henry purcell</dc:contributor>
  <dc:contributor>franz schubert</dc:contributor>
  <dc:contributor>giacomo puccini</dc:contributor>
  <dc:contributor>johann friedrich reichardt</dc:contributor>
  <dc:contributor>robert schumann</dc:contributor>
  <dc:contributor>richard strauss</dc:contributor>
  <dc:contributor>anonym</dc:contributor>
  <dc:date>2009</dc:date>
  <dc:type>Node</dc:type>
  <dc:type>WORK:sheetmusic</dc:type>
  <dc:identifier>870970-basis:28209061</dc:identifier>
  <dc:identifier>ISBN:9781423406501</dc:identifier>
  <dc:identifier>NUMBER:HL 50486136</dc:identifier>
  <dc:identifier>NUMBER:Hal Leonard63009893</dc:identifier>
</oai_dc:dc>
</foxml:xmlContent>
</foxml:datastreamVersion>
</foxml:datastream>
<foxml:datastream ID="commonData" STATE="A" CONTROL_GROUP="X" VERSIONABLE="false">
<foxml:datastreamVersion ID="commonData.0" LABEL="" CREATED="2013-05-16T12:09:13.591Z" MIMETYPE="text/xml" SIZE="19099">
<foxml:xmlContent>
<ting:container xmlns:ac="http://biblstandard.dk/ac/namespace/" xmlns:dc="http://purl.org/dc/elements/1.1/" xmlns:dcterms="http://purl.org/dc/terms/" xmlns:dkabm="http://biblstandard.dk/abm/namespace/dkabm/" xmlns:dkdcplus="http://biblstandard.dk/abm/namespace/dkdcplus/" xmlns:docbook="http://docbook.org/ns/docbook" xmlns:oss="http://oss.dbc.dk/ns/osstypes" xmlns:ting="http://www.dbc.dk/ting" xmlns:xsi="http://www.w3.org/2001/XMLSchema-instance"><dkabm:record><ac:identifier>28209061|870970</ac:identifier><ac:source>Bibliotekskatalog</ac:source><dc:title>The horn collection</dc:title><dc:title xsi:type="dkdcplus:full">The horn collection : 14 pieces by 11 composers : easy to intermediate level</dc:title><dc:title xsi:type="dkdcplus:series">The G. Schirmer instrumental library</dc:title><dc:subject xsi:type="dkdcplus:DK5">78.435:6</dc:subject><dc:subject xsi:type="dkdcplus:DK5-Text">Klaver og blæser</dc:subject><dc:subject xsi:type="dkdcplus:DBCM">barok</dc:subject><dc:subject xsi:type="dkdcplus:DBCN">for let øvede</dc:subject><dc:subject xsi:type="dkdcplus:DBCM">horn</dc:subject><dc:subject xsi:type="dkdcplus:DBCM">instrumental</dc:subject><dc:subject xsi:type="dkdcplus:DBCM">klassik</dc:subject><dc:subject xsi:type="dkdcplus:DBCO">music minus one</dc:subject><dc:subject xsi:type="dkdcplus:DBCM">romantik</dc:subject><dc:subject xsi:type="dkdcplus:DBCM">senromantik</dc:subject><dc:subject xsi:type="dkdcplus:DBCM">wienerklassik</dc:subject><dc:description>For horn og klaver</dc:description><dc:description>For horn i F</dc:description><dc:description>Cd: The horn collection / Bernhard Scully, horn, med Vincent Fuh. New York, N.Y. : Schirmer ; Milwaukee, Wis. : distributed by Hal Leonard, p 2009. 1 cd : stereo. Gennemspilning af stykkerne i nodehæftet med og uden horn. Indspillet efter music-minus-one-princippet. Cd-rom-indhold: Amazing slow downer software, som kan regulere musikkens afspilningshastighed uden at ændre tonehøjden. Bestillingsnr.: 63009893</dc:description><dc:description>Med noter til de enkelte stykker</dc:description><dc:description>Med spillevejledning</dc:description><dcterms:audience>voksenmaterialer</dcterms:audience><dc:publisher>Schirmer</dc:publisher><dc:contributor>Mason Jones</dc:contributor><dc:contributor>Ludwig van Beethoven</dc:contributor><dc:contributor>Vincenzo Bellini</dc:contributor><dc:contributor>Ludwig van Beethoven</dc:contributor><dc:contributor>Arcangelo Corelli</dc:contributor><dc:contributor>Felix Mendelssohn-Bartholdy</dc:contributor><dc:contributor>Wolfgang Amadeus Mozart</dc:contributor><dc:contributor>Henry Purcell</dc:contributor><dc:contributor>Franz Schubert</dc:contributor><dc:contributor>Giacomo Puccini</dc:contributor><dc:contributor>Johann Friedrich Reichardt</dc:contributor><dc:contributor>Robert Schumann</dc:contributor><dc:contributor>Richard Strauss</dc:contributor><dc:contributor>Anonym</dc:contributor><dc:date>2009</dc:date><dc:type xsi:type="dkdcplus:BibDK-Type">Node</dc:type><dc:format>1 partitur og klaverpartitur, 1 stemme, 1 cd, 1 installationsvejledning</dc:format><dcterms:extent>32 sider</dcterms:extent><dc:identifier xsi:type="dkdcplus:ISBN">9781423406501</dc:identifier><dc:identifier>HL 50486136</dc:identifier><dc:identifier>Hal Leonard 63009893</dc:identifier><dcterms:hasPart>Sange, opus 52</dcterms:hasPart><dcterms:hasPart>Vaga luna che inargenti</dcterms:hasPart><dcterms:hasPart>Abschiedsgesang an Wiens Bürger</dcterms:hasPart><dcterms:hasPart>Sonate for violin og continuo, d-mol, opus 5:7 (Sarabande)</dcterms:hasPart><dcterms:hasPart>Sonate for violin og continuo, F-dur, opus 5:10 (Gavotte)</dcterms:hasPart><dcterms:hasPart>Sange, opus 99</dcterms:hasPart><dcterms:hasPart>Sange, opus 34</dcterms:hasPart><dcterms:hasPart>Idomeneo</dcterms:hasPart><dcterms:hasPart>The libertine</dcterms:hasPart><dcterms:hasPart>Rosamunde</dcterms:hasPart><dcterms:hasPart>Pigen fra vesten</dcterms:hasPart><dcterms:hasPart>Das Bild der Rose</dcterms:hasPart><dcterms:hasPart>Kinderszenen, opus 15</dcterms:hasPart><dcterms:hasPart>Sange, opus 10</dcterms:hasPart><dcterms:hasPart>The ash grove</dcterms:hasPart><dcterms:spatial xsi:type="dkdcplus:DBCM">Tyskland</dcterms:spatial><dcterms:spatial xsi:type="dkdcplus:DBCM">Østrig</dcterms:spatial><dcterms:spatial xsi:type="dkdcplus:DBCM">England</dcterms:spatial><dcterms:spatial xsi:type="dkdcplus:DBCM">Italien</dcterms:spatial><dcterms:temporal xsi:type="dkdcplus:DBCM">1700-1799</dcterms:temporal><dcterms:temporal xsi:type="dkdcplus:DBCM">1800-1899</dcterms:temporal></dkabm:record><marcx:collection xmlns:marcx="info:lc/xmlns/marcxchange-v1"><marcx:record format="danMARC2" type="Bibliographic"><marcx:leader>00000n    2200000   4500</marcx:leader><marcx:datafield ind1="0" ind2="0" tag="001"><marcx:subfield code="a">28209061</marcx:subfield><marcx:subfield code="b">870970</marcx:subfield><marcx:subfield code="c">20100426181020</marcx:subfield><marcx:subfield code="d">20100329</marcx:subfield><marcx:subfield code="f">a</marcx:subfield></marcx:datafield><marcx:datafield ind1="0" ind2="0" tag="004"><marcx:subfield code="r">n</marcx:subfield><marcx:subfield code="a">e</marcx:subfield></marcx:datafield><marcx:datafield ind1="0" ind2="0" tag="005"><marcx:subfield code="h">a</marcx:subfield><marcx:subfield code="h">y</marcx:subfield><marcx:subfield code="h">p</marcx:subfield><marcx:subfield code="i">a</marcx:subfield><marcx:subfield code="i">e</marcx:subfield><marcx:subfield code="j">a</marcx:subfield><marcx:subfield code="k">a</marcx:subfield></marcx:datafield><marcx:datafield ind1="0" ind2="0" tag="008"><marcx:subfield code="t">s</marcx:subfield><marcx:subfield code="u">f</marcx:subfield><marcx:subfield code="a">2009</marcx:subfield><marcx:subfield code="b">us</marcx:subfield><marcx:subfield code="v">0</marcx:subfield></marcx:datafield><marcx:datafield ind1="0" ind2="0" tag="009"><marcx:subfield code="a">c</marcx:subfield><marcx:subfield code="g">xx</marcx:subfield><marcx:subfield code="b">s</marcx:subfield><marcx:subfield code="b">t</marcx:subfield><marcx:subfield code="h">xc</marcx:subfield><marcx:subfield code="b">a</marcx:subfield><marcx:subfield code="h">xx</marcx:subfield></marcx:datafield><marcx:datafield ind1="0" ind2="0" tag="021"><marcx:subfield code="e">9781423406501</marcx:subfield><marcx:subfield code="n">HL 50486136</marcx:subfield><marcx:subfield code="c">hf.</marcx:subfield><marcx:subfield code="d">kr. 155,00</marcx:subfield></marcx:datafield><marcx:datafield ind1="0" ind2="0" tag="032"><marcx:subfield code="x">BKM201017</marcx:subfield></marcx:datafield><marcx:datafield ind1="0" ind2="0" tag="041"><marcx:subfield code="e">eng</marcx:subfield></marcx:datafield><marcx:datafield ind1="0" ind2="0" tag="245"><marcx:subfield code="a">The ¤horn collection</marcx:subfield><marcx:subfield code="c">14 pieces by 11 composers</marcx:subfield><marcx:subfield code="c">\easy to intermediate\ level</marcx:subfield><marcx:subfield code="e">transcribed by Mason Jones ... [et al.]</marcx:subfield><marcx:subfield code="ø">Easy to intermediate</marcx:subfield></marcx:datafield><marcx:datafield ind1="0" ind2="0" tag="260"><marcx:subfield code="a">New York, N.Y.</marcx:subfield><marcx:subfield code="b">Schirmer</marcx:subfield><marcx:subfield code="f">Milwaukee, Wis.</marcx:subfield><marcx:subfield code="g">distributed by Hal Leonard</marcx:subfield><marcx:subfield code="c">2009</marcx:subfield></marcx:datafield><marcx:datafield ind1="0" ind2="0" tag="300"><marcx:subfield code="n">1 \partitur og klaverpartitur\</marcx:subfield><marcx:subfield code="a">32 sider</marcx:subfield><marcx:subfield code="n">1 \stemme\</marcx:subfield><marcx:subfield code="c">31 cm</marcx:subfield><marcx:subfield code="d">1 cd</marcx:subfield><marcx:subfield code="d">1 installationsvejledning</marcx:subfield></marcx:datafield><marcx:datafield ind1="0" ind2="0" tag="440"><marcx:subfield code="0"></marcx:subfield><marcx:subfield code="a">The ¤G. Schirmer instrumental library</marcx:subfield></marcx:datafield><marcx:datafield ind1="0" ind2="0" tag="509"><marcx:subfield code="a">For horn og klaver</marcx:subfield></marcx:datafield><marcx:datafield ind1="0" ind2="0" tag="509"><marcx:subfield code="a">For horn i F</marcx:subfield></marcx:datafield><marcx:datafield ind1="0" ind2="0" tag="512"><marcx:subfield code="a">Cd: The horn collection / Bernhard Scully, horn, med Vincent Fuh. [New York, N.Y.] : Schirmer ; [Milwaukee, Wis.] : distributed by Hal Leonard, p 2009. 1 cd : stereo. Gennemspilning af stykkerne i nodehæftet med og uden horn. Indspillet efter music-minus-one-princippet. Cd-rom-indhold: Amazing slow downer software, som kan regulere musikkens afspilningshastighed uden at ændre tonehøjden. Bestillingsnr.: 63009893</marcx:subfield></marcx:datafield><marcx:datafield ind1="0" ind2="0" tag="531"><marcx:subfield code="a">Indhold:</marcx:subfield></marcx:datafield><marcx:datafield ind1="0" ind2="0" tag="534"><marcx:subfield code="a">Med noter til de enkelte stykker</marcx:subfield></marcx:datafield><marcx:datafield ind1="0" ind2="0" tag="534"><marcx:subfield code="a">Med spillevejledning</marcx:subfield></marcx:datafield><marcx:datafield ind1="0" ind2="0" tag="538"><marcx:subfield code="b">HL 50486136</marcx:subfield></marcx:datafield><marcx:datafield ind1="0" ind2="0" tag="538"><marcx:subfield code="f">Hal Leonard</marcx:subfield><marcx:subfield code="g">63009893</marcx:subfield></marcx:datafield><marcx:datafield ind1="0" ind2="0" tag="652"><marcx:subfield code="m">78.435</marcx:subfield><marcx:subfield code="v">6</marcx:subfield></marcx:datafield><marcx:datafield ind1="0" ind2="0" tag="666"><marcx:subfield code="0"></marcx:subfield><marcx:subfield code="m">barok</marcx:subfield><marcx:subfield code="m">klassik</marcx:subfield><marcx:subfield code="m">wienerklassik</marcx:subfield><marcx:subfield code="m">romantik</marcx:subfield><marcx:subfield code="m">senromantik</marcx:subfield><marcx:subfield code="n">instrumental</marcx:subfield><marcx:subfield code="n">horn</marcx:subfield><marcx:subfield code="p">1700-1799</marcx:subfield><marcx:subfield code="p">1800-1899</marcx:subfield><marcx:subfield code="l">Tyskland</marcx:subfield><marcx:subfield code="l">Østrig</marcx:subfield><marcx:subfield code="l">England</marcx:subfield><marcx:subfield code="l">Italien</marcx:subfield></marcx:datafield><marcx:datafield ind1="0" ind2="0" tag="666"><marcx:subfield code="0"></marcx:subfield><marcx:subfield code="o">music minus one</marcx:subfield></marcx:datafield><marcx:datafield ind1="0" ind2="0" tag="666"><marcx:subfield code="0"></marcx:subfield><marcx:subfield code="u">for let øvede</marcx:subfield></marcx:datafield><marcx:datafield ind1="0" ind2="0" tag="700"><marcx:subfield code="a">Jones</marcx:subfield><marcx:subfield code="h">Mason</marcx:subfield></marcx:datafield><marcx:datafield ind1="0" ind2="0" tag="770"><marcx:subfield code="å">11</marcx:subfield><marcx:subfield code="a">Beethoven</marcx:subfield><marcx:subfield code="h">Ludwig van</marcx:subfield></marcx:datafield><marcx:datafield ind1="0" ind2="0" tag="770"><marcx:subfield code="å">12</marcx:subfield><marcx:subfield code="a">Bellini</marcx:subfield><marcx:subfield code="h">Vincenzo</marcx:subfield></marcx:datafield><marcx:datafield ind1="0" ind2="0" tag="770"><marcx:subfield code="å">13</marcx:subfield><marcx:subfield code="a">Beethoven</marcx:subfield><marcx:subfield code="h">Ludwig van</marcx:subfield></marcx:datafield><marcx:datafield ind1="0" ind2="0" tag="770"><marcx:subfield code="å">14</marcx:subfield><marcx:subfield code="a">Corelli</marcx:subfield><marcx:subfield code="h">Arcangelo</marcx:subfield></marcx:datafield><marcx:datafield ind1="0" ind2="0" tag="770"><marcx:subfield code="å">15</marcx:subfield><marcx:subfield code="a">Corelli</marcx:subfield><marcx:subfield code="h">Arcangelo</marcx:subfield></marcx:datafield><marcx:datafield ind1="0" ind2="0" tag="770"><marcx:subfield code="å">16</marcx:subfield><marcx:subfield code="a">Mendelssohn-Bartholdy</marcx:subfield><marcx:subfield code="h">Felix</marcx:subfield></marcx:datafield><marcx:datafield ind1="0" ind2="0" tag="770"><marcx:subfield code="å">17</marcx:subfield><marcx:subfield code="a">Mendelssohn-Bartholdy</marcx:subfield><marcx:subfield code="h">Felix</marcx:subfield></marcx:datafield><marcx:datafield ind1="0" ind2="0" tag="770"><marcx:subfield code="å">18</marcx:subfield><marcx:subfield code="a">Mozart</marcx:subfield><marcx:subfield code="h">Wolfgang Amadeus</marcx:subfield></marcx:datafield><marcx:datafield ind1="0" ind2="0" tag="770"><marcx:subfield code="å">19</marcx:subfield><marcx:subfield code="a">Purcell</marcx:subfield><marcx:subfield code="h">Henry</marcx:subfield></marcx:datafield><marcx:datafield ind1="0" ind2="0" tag="770"><marcx:subfield code="å">20</marcx:subfield><marcx:subfield code="a">Schubert</marcx:subfield><marcx:subfield code="h">Franz</marcx:subfield></marcx:datafield><marcx:datafield ind1="0" ind2="0" tag="770"><marcx:subfield code="å">21</marcx:subfield><marcx:subfield code="a">Puccini</marcx:subfield><marcx:subfield code="h">Giacomo</marcx:subfield></marcx:datafield><marcx:datafield ind1="0" ind2="0" tag="770"><marcx:subfield code="å">22</marcx:subfield><marcx:subfield code="a">Reichardt</marcx:subfield><marcx:subfield code="h">Johann Friedrich</marcx:subfield></marcx:datafield><marcx:datafield ind1="0" ind2="0" tag="770"><marcx:subfield code="å">23</marcx:subfield><marcx:subfield code="a">Schumann</marcx:subfield><marcx:subfield code="h">Robert</marcx:subfield></marcx:datafield><marcx:datafield ind1="0" ind2="0" tag="770"><marcx:subfield code="å">24</marcx:subfield><marcx:subfield code="a">Strauss</marcx:subfield><marcx:subfield code="h">Richard</marcx:subfield></marcx:datafield><marcx:datafield ind1="0" ind2="0" tag="770"><marcx:subfield code="å">25</marcx:subfield><marcx:subfield code="a">Anonym</marcx:subfield></marcx:datafield><marcx:datafield ind1="0" ind2="0" tag="795"><marcx:subfield code="å">11</marcx:subfield><marcx:subfield code="a">Sange, opus 52</marcx:subfield><marcx:subfield code="7"> (</marcx:subfield><marcx:subfield code="v">Marmotte</marcx:subfield><marcx:subfield code="7">)</marcx:subfield></marcx:datafield><marcx:datafield ind1="0" ind2="0" tag="795"><marcx:subfield code="å">12</marcx:subfield><marcx:subfield code="a">Vaga luna che inargenti</marcx:subfield></marcx:datafield><marcx:datafield ind1="0" ind2="0" tag="795"><marcx:subfield code="å">13</marcx:subfield><marcx:subfield code="a">Abschiedsgesang an Wiens Bürger</marcx:subfield></marcx:datafield><marcx:datafield ind1="0" ind2="0" tag="795"><marcx:subfield code="å">14</marcx:subfield><marcx:subfield code="a">Sonate for violin og continuo, d-mol, opus 5:7 (Sarabande)</marcx:subfield></marcx:datafield><marcx:datafield ind1="0" ind2="0" tag="795"><marcx:subfield code="å">15</marcx:subfield><marcx:subfield code="a">Sonate for violin og continuo, F-dur, opus 5:10 (Gavotte)</marcx:subfield></marcx:datafield><marcx:datafield ind1="0" ind2="0" tag="795"><marcx:subfield code="å">16</marcx:subfield><marcx:subfield code="a">Sange, opus 99</marcx:subfield><marcx:subfield code="7"> (</marcx:subfield><marcx:subfield code="v">Lieblingsplätzchen</marcx:subfield><marcx:subfield code="7">)</marcx:subfield></marcx:datafield><marcx:datafield ind1="0" ind2="0" tag="795"><marcx:subfield code="å">17</marcx:subfield><marcx:subfield code="a">Sange, opus 34</marcx:subfield><marcx:subfield code="7"> (</marcx:subfield><marcx:subfield code="v">Minnelied</marcx:subfield><marcx:subfield code="7">)</marcx:subfield></marcx:datafield><marcx:datafield ind1="0" ind2="0" tag="795"><marcx:subfield code="å">18</marcx:subfield><marcx:subfield code="a">Idomeneo</marcx:subfield><marcx:subfield code="7"> (</marcx:subfield><marcx:subfield code="v">Non temer, amato bene</marcx:subfield><marcx:subfield code="7">)</marcx:subfield></marcx:datafield><marcx:datafield ind1="0" ind2="0" tag="795"><marcx:subfield code="å">19</marcx:subfield><marcx:subfield code="a">The ¤libertine</marcx:subfield><marcx:subfield code="7"> (</marcx:subfield><marcx:subfield code="v">Nymphs and shepherds</marcx:subfield><marcx:subfield code="7">)</marcx:subfield></marcx:datafield><marcx:datafield ind1="0" ind2="0" tag="795"><marcx:subfield code="å">20</marcx:subfield><marcx:subfield code="a">Rosamunde</marcx:subfield><marcx:subfield code="7"> (</marcx:subfield><marcx:subfield code="v">Mellemaktsmusik nr. 3, B-dur, Deutsch 797:5</marcx:subfield><marcx:subfield code="7">)</marcx:subfield></marcx:datafield><marcx:datafield ind1="0" ind2="0" tag="795"><marcx:subfield code="å">21</marcx:subfield><marcx:subfield code="a">Pigen fra vesten</marcx:subfield><marcx:subfield code="7"> (</marcx:subfield><marcx:subfield code="v">Ch&apos;ella mi creda</marcx:subfield><marcx:subfield code="7">)</marcx:subfield></marcx:datafield><marcx:datafield ind1="0" ind2="0" tag="795"><marcx:subfield code="å">22</marcx:subfield><marcx:subfield code="a">Das ¤Bild der Rose</marcx:subfield></marcx:datafield><marcx:datafield ind1="0" ind2="0" tag="795"><marcx:subfield code="å">23</marcx:subfield><marcx:subfield code="a">Kinderszenen, opus 15</marcx:subfield><marcx:subfield code="7"> (</marcx:subfield><marcx:subfield code="v">Von fremden Ländern und Menschen</marcx:subfield><marcx:subfield code="7">)</marcx:subfield></marcx:datafield><marcx:datafield ind1="0" ind2="0" tag="795"><marcx:subfield code="å">24</marcx:subfield><marcx:subfield code="a">Sange, opus 10</marcx:subfield><marcx:subfield code="7"> (</marcx:subfield><marcx:subfield code="v">Allerseelen</marcx:subfield><marcx:subfield code="7">)</marcx:subfield></marcx:datafield><marcx:datafield ind1="0" ind2="0" tag="795"><marcx:subfield code="å">25</marcx:subfield><marcx:subfield code="a">The ¤ash grove</marcx:subfield></marcx:datafield><marcx:datafield ind1="0" ind2="0" tag="900"><marcx:subfield code="a">Bartholdy</marcx:subfield><marcx:subfield code="h">Felix Mendelssohn</marcx:subfield><marcx:subfield code="z">770/16</marcx:subfield></marcx:datafield><marcx:datafield ind1="0" ind2="0" tag="900"><marcx:subfield code="a">Bartholdy</marcx:subfield><marcx:subfield code="h">Felix Mendelssohn</marcx:subfield><marcx:subfield code="z">770/17</marcx:subfield></marcx:datafield><marcx:datafield ind1="0" ind2="0" tag="990"><marcx:subfield code="o">201017</marcx:subfield><marcx:subfield code="b">v</marcx:subfield><marcx:subfield code="n">D4</marcx:subfield><marcx:subfield code="u">nt</marcx:subfield></marcx:datafield><marcx:datafield ind1="0" ind2="0" tag="991"><marcx:subfield code="o">Installationsvejledning ligger i lomme sammen med cd&apos;en</marcx:subfield></marcx:datafield><marcx:datafield ind1="0" ind2="0" tag="996"><marcx:subfield code="a">DBC</marcx:subfield></marcx:datafield></marcx:record></marcx:collection><adminData><creationDate>2010-03-29</creationDate><libraryType>none</libraryType><indexingAlias>danmarcxchange</indexingAlias><accessType>physical</accessType><collectionIdentifier>870970-basis</collectionIdentifier></adminData></ting:container>
</foxml:xmlContent>
</foxml:datastreamVersion>
</foxml:datastream>
<foxml:datastream ID="localData.870970-basis" STATE="A" CONTROL_GROUP="X" VERSIONABLE="false">
<foxml:datastreamVersion ID="localData.870970-basis.0" LABEL="" CREATED="2013-05-16T12:09:13.591Z" MIMETYPE="text/xml" SIZE="1056">
<foxml:xmlContent>
<ting:localData xmlns:ting="http://www.dbc.dk/ting"><marcx:record xmlns:marcx="info:lc/xmlns/marcxchange-v1" format="danMARC2" type="BibliographicLocal"><marcx:datafield ind1="0" ind2="0" tag="d08"><marcx:subfield code="o">jni</marcx:subfield><marcx:subfield code="k">lhp</marcx:subfield></marcx:datafield><marcx:datafield ind1="0" ind2="0" tag="d09"><marcx:subfield code="z">SFM201017</marcx:subfield></marcx:datafield><marcx:datafield ind1="0" ind2="0" tag="f06"><marcx:subfield code="b">v</marcx:subfield><marcx:subfield code="n">D4</marcx:subfield></marcx:datafield><marcx:datafield ind1="0" ind2="0" tag="n51"><marcx:subfield code="a">20100426</marcx:subfield></marcx:datafield><marcx:datafield ind1="0" ind2="0" tag="n55"><marcx:subfield code="a">20100329</marcx:subfield></marcx:datafield><marcx:datafield ind1="0" ind2="0" tag="s12"><marcx:subfield code="t">TeamMUS201013</marcx:subfield></marcx:datafield><marcx:datafield ind1="0" ind2="0" tag="z99"><marcx:subfield code="a">jni</marcx:subfield></marcx:datafield></marcx:record></ting:localData>
</foxml:xmlContent>
</foxml:datastreamVersion>
</foxml:datastream>
<foxml:datastream ID="RELS-SYS" STATE="A" CONTROL_GROUP="X" VERSIONABLE="false">
<foxml:datastreamVersion ID="RELS-SYS.1" LABEL="" CREATED="2013-05-16T12:09:13.661Z" MIMETYPE="application/rdf+xml" SIZE="317">
<foxml:xmlContent>
<rdf:RDF xmlns:rdf="http://www.w3.org/1999/02/22-rdf-syntax-ns#">
  <rdf:Description rdf:about="info:fedora/870970-basis:28209061">
    <isMemberOfUnit xmlns="info:fedora/">unit:48002</isMemberOfUnit>
    <isPrimaryBibObjectFor xmlns="info:fedora/">unit:48002</isPrimaryBibObjectFor>
  </rdf:Description>
</rdf:RDF>
</foxml:xmlContent>
</foxml:datastreamVersion>
</foxml:datastream>
</foxml:digitalObject><ocn></ocn><holdingsServiceResponse><response>
<timestamp>2013-05-30 10:37:16.166</timestamp>
<pid>870970-basis:28209061</pid>
<result>
</result>
</response></holdingsServiceResponse></oclcRecord></oclcRecords>

</ns1:originalData>
<ns1:outputFormat>PLACEHOLDER</ns1:outputFormat>
   </ns1:formatRequest>
 </SOAP-ENV:Body>
</SOAP-ENV:Envelope>
